@article{ripple2012trophic,
  title={Trophic cascades in Yellowstone: The first 15years after wolf reintroduction},
  author={Ripple, William J and Beschta, Robert L},
  journal={Biological Conservation},
  volume={145},
  number={1},
  pages={205--213},
  year={2012},
  publisher={Elsevier}
}

@article{knight2005trophic,
  title={Trophic cascades across ecosystems},
  author={Knight, Tiffany M and McCoy, Michael W and Chase, Jonathan M and McCoy, Krista A and Holt, Robert D},
  journal={Nature},
  volume={437},
  number={7060},
  pages={880--883},
  year={2005},
  publisher={Nature Publishing Group}
}

% foo web plasticity, stabilising and predictable
@article{eveleigh2007fluctuations,
  title={Fluctuations in density of an outbreak species drive diversity cascades in food webs},
  author={Eveleigh, Eldon S and McCann, Kevin S and McCarthy, Peter C and Pollock, Steven J and Lucarotti, Christopher J and Morin, Benoit and McDougall, George A and Strongman, Douglas B and Huber, John T and Umbanhowar, James and others},
  journal={Proceedings of the National Academy of Sciences},
  volume={104},
  number={43},
  pages={16976--16981},
  year={2007},
  publisher={National Acad Sciences}
}


% interaction strength metrics
@article{wootton2005measurement,
  title={Measurement of interaction strength in nature},
  author={Wootton, J Timothy and Emmerson, Mark},
  journal={Annual Review of Ecology, Evolution, and Systematics},
  pages={419--444},
  year={2005},
  publisher={JSTOR}
}

@article{berlow2004interaction,
  title={Interaction strengths in food webs: issues and opportunities},
  author={Berlow, Eric L and Neutel, Anje-Margiet and Cohen, Joel E and De Ruiter, Peter C and Ebenman, BO and Emmerson, Mark and Fox, Jeremy W and Jansen, Vincent AA and Iwan Jones, J and Kokkoris, Giorgos D and others},
  journal={Journal of animal ecology},
  volume={73},
  number={3},
  pages={585--598},
  year={2004},
  publisher={Wiley Online Library}
}

@article{lurgi2015effects,
  title={The effects of space and diversity of interaction types on the stability of complex ecological networks},
  author={Lurgi, Miguel and Montoya, Daniel and Montoya, Jos{\'e} M},
  journal={Theoretical Ecology},
  pages={1--11},
  year={2015},
  publisher={Springer}
}

%%%%%%%%%%%%%%%%%%%%%%%%%%%%%%%%%%%%%%%%%%%%%%%%%%%%%%%%%%%%%%
%%%%%%%%%%%%%%%%%%%%%%%%%%%%%%%%%%%%%%%%%%%%%%%%%%%%%%%%%%%%%%
%% INTRODUCTION

%%%%%%%%%%%%%%%%%%%%%%%%%%%%%%%%%%%%%%%%%%%%%%%%%%%%%%%%%%%%%%
% Inroduction: habitat loss and ecological networks

% land use change
@article{bossio2005soil,
  title={Soil microbial community response to land use change in an agricultural landscape of western Kenya},
  author={Bossio, DA and Girvan, Martina S and Verchot, L and Bullimore, Juliet and Borelli, T and Albrecht, Alain and Scow, KM and Ball, Andrew Stephen and Pretty, JN and Osborn, A Mark},
  journal={Microbial ecology},
  volume={49},
  number={1},
  pages={50--62},
  year={2005},
  publisher={Springer}
}
@article{kremen2007pollination,
  title={Pollination and other ecosystem services produced by mobile organisms: a conceptual framework for the effects of land-use change},
  author={Kremen, Claire and Williams, Neal M and Aizen, Marcelo A and Gemmill-Herren, Barbara and LeBuhn, Gretchen and Minckley, Robert and Packer, Laurence and Potts, Simon G and Steffan-Dewenter, Ingolf and Vazquez, Diego P and others},
  journal={Ecology Letters},
  volume={10},
  number={4},
  pages={299--314},
  year={2007},
  publisher={Wiley Online Library}
}
% butterfly range shift..
@article{parmesan2003globally,
  title={A globally coherent fingerprint of climate change impacts across natural systems},
  author={Parmesan, Camille and Yohe, Gary},
  journal={Nature},
  volume={421},
  number={6918},
  pages={37--42},
  year={2003},
  publisher={Nature Publishing Group}
}
@article{parmesan1999poleward,
  title={Poleward shifts in geographical ranges of butterfly species associated with regional warming},
  author={Parmesan, Camille and Ryrholm, Nils and Stefanescu, Constant{\'\i} and Hill, Jane K and Thomas, Chris D and Descimon, Henri and Huntley, Brian and Kaila, Lauri and Kullberg, Jaakko and Tammaru, Toomas and others},
  journal={Nature},
  volume={399},
  number={6736},
  pages={579--583},
  year={1999},
  publisher={Nature Publishing Group}
}



% the tangled bank
@book{darwin2009origin,
  title={The origin of species by means of natural selection: or, the preservation of favored races in the struggle for life},
  author={Darwin, Charles and Bynum, William F},
  year={2009},
  publisher={AL Burt}
}

% mutualistic structure
@article{bascompte2007plant,
  title={Plant-animal mutualistic networks: the architecture of biodiversity},
  author={Bascompte, Jordi and Jordano, Pedro},
  journal={Annual Review of Ecology, Evolution, and Systematics},
  pages={567--593},
  year={2007},
  publisher={JSTOR}
}


% architechture and stability
@article{thebault2010stability,
  title={Stability of ecological communities and the architecture of mutualistic and trophic networks},
  author={Th{\'e}bault, Elisa and Fontaine, Colin},
  journal={Science},
  volume={329},
  number={5993},
  pages={853--856},
  year={2010},
  publisher={American Association for the Advancement of Science}
}


@article{valiente2015beyond,
  title={Beyond species loss: the extinction of ecological interactions in a changing world},
  author={Valiente-Banuet, Alfonso and Aizen, Marcelo A and Alc{\'a}ntara, Julio M and Arroyo, Juan and Cocucci, Andrea and Galetti, Mauro and Garc{\'\i}a, Mar{\'\i}a B and Garc{\'\i}a, Daniel and G{\'o}mez, Jos{\'e} M and Jordano, Pedro and others},
  journal={Functional Ecology},
  volume={29},
  number={3},
  pages={299--307},
  year={2015},
  publisher={Wiley Online Library}
}

% Mutualisms: spatial processes may contribute substantially to structure plantâ€“animal mutualistic networks.
@article{morales2008effect,
  title={The effect of space in plant--animal mutualistic networks: insights from a simulation study},
  author={Morales, Juan M and V{\'a}zquez, Diego P},
  journal={Oikos},
  volume={117},
  number={9},
  pages={1362--1370},
  year={2008},
  publisher={Wiley Online Library}
}

% CELLULAR AUTOMATA, MUTUALISTIC INTERACTIONS. NUMBER OF INTERACTIONS DECREASE NON-LINEARLY, INCREASE CONNECTANCE?
@article{fortuna2013habitat,
  title={Habitat loss and the disassembly of mutalistic networks},
  author={Fortuna, Miguel A and Krishna, Abhay and Bascompte, Jordi},
  journal={Oikos},
  volume={122},
  number={6},
  pages={938--942},
  year={2013},
  publisher={Wiley Online Library}
}

% FOOD WEB STRUCTURE MEDIATES THE EFFECTS OF HABITAT LOSS
@article{melian2002food,
  title={Food web structure and habitat loss},
  author={Meli{\'a}n, Carlos J and Bascompte, Jordi},
  journal={Ecology Letters},
  volume={5},
  number={1},
  pages={37--46},
  year={2002},
  publisher={Wiley Online Library}
}
% SAME FOR MUTUALISTIC NETWORKS.
@article{fortuna2006habitat,
  title={Habitat loss and the structure of plant--animal mutualistic networks},
  author={Fortuna, Miguel A and Bascompte, Jordi},
  journal={Ecology Letters},
  volume={9},
  number={3},
  pages={281--286},
  year={2006},
  publisher={Wiley Online Library}
}


%IMPORTANCE OF INDIRECT EFFECTS
@article{sole2006ecological,
  title={Ecological network meltdown from habitat loss and fragmentation},
  author={Sole, Ricard V and Montoya, Jos{\'e} M},
  journal={Ecological Networks: Linking Structure to Dynamics in Food Webs},
  pages={305--323},
  year={2006},
  publisher={Oxford University Press}
}

% NETWORK PROPERTIES CHANGE WITHOUT AFFECTING NUMBER OF SPECIES
@article{tylianakis2007habitat,
  title={Habitat modification alters the structure of tropical host--parasitoid food webs},
  author={Tylianakis, Jason M and Tscharntke, Teja and Lewis, Owen T},
  journal={Nature},
  volume={445},
  number={7124},
  pages={202--205},
  year={2007},
  publisher={Nature Publishing Group}
}

% INTERACTION DIVERSITY DECLINES MORE RAPIDLY THAN SPECIES DIVERSITY; HABITAT LOSS HAS EFFECTS WITHOUT AFFECTING NUMBER OF SPECIES 
@article{albrecht2007interaction,
  title={Interaction diversity within quantified insect food webs in restored and adjacent intensively managed meadows},
  author={Albrecht, Matthias and Duelli, Peter and Schmid, Bernhard and M{\"u}ller, Christine B},
  journal={Journal of Animal Ecology},
  volume={76},
  number={5},
  pages={1015--1025},
  year={2007},
  publisher={Wiley Online Library}
}

% EMPIRICAL PLANT-POLLINATOR NETOWKS. HABITAT LOSS LEADS TO HIGHER CONNECTANCE AND HIGHER MODULARITY.
@article{spiesman2013habitat,
  title={Habitat loss alters the architecture of plant-pollinator interaction networks},
  author={Spiesman, Brian J and Inouye, Brian D},
  journal={Ecology},
  volume={94},
  number={12},
  pages={2688--2696},
  year={2013},
  publisher={Eco Soc America}
}

% HOST-PARASITOID NETWORKS. NO DETECTABLE EFFECTS OF LANDSCAPE CONTEXT ON SEVERAL FOOD WEB METRICS (INTERACTION EVENESS, LINKAGE DENSITY, CONNECTANCE, GENERALITY, VULNERABILITY)
@article{kaartinen2011shrinking,
  title={Shrinking by numbers: landscape context affects the species composition but not the quantitative structure of local food webs},
  author={Kaartinen, Riikka and Roslin, Tomas},
  journal={Journal of Animal Ecology},
  volume={80},
  number={3},
  pages={622--631},
  year={2011},
  publisher={Wiley Online Library}
}

% SOME INTERESTING PRECITIONS
@article{gonzalez2011disentangled,
  title={The disentangled bank: how loss of habitat fragments and disassembles ecological networks},
  author={Gonzalez, Andrew and Rayfield, Bronwyn and Lindo, Zo{\"e}},
  journal={American Journal of Botany},
  volume={98},
  number={3},
  pages={503--516},
  year={2011},
  publisher={Botanical Soc America}
}

% THIS IS AN EXTENSIVE REVIEW. HABITAT LOSS LEADS TO HIGHER MODULARITY AND LOWER NESTEDNESS IN MUTUALISTIC NETWORKS. HABITAT LOSS LEADS TO LOWER CONNECTANCE, LOWER MODULARITY AND HIGHER INTERACTION STRENGTHS IN ANTAGONISTIC NETWORKS. THIS REVIEW HAS MANY REFERENCES, SOME OF THEM CLASSIC. E.G. HABITAT LOSS EFFECTS ON FOOD CHAIN LENGTHS, REDUCED CONNECTANCE, COMPARTMENTALISATION,â€¦
@article{hagen2012biodiversity,
  title={Biodiversity, species interactions and ecological networks in a fragmented world},
  author={Hagen, Melanie and Kissling, W Daniel and Rasmussen, Claus and Carstensen, DW and Dupont, YL and Kaiser-Bunbury, CN and O'Gorman, EJ and Olesen, JM and De Aguiar, MAM and Brown, LE and others},
  journal={Advances in Ecological Research},
  volume={46},
  pages={89--120},
  year={2012},
  publisher={Elsevier}
}

% MULTIPLE INTERACTION TYPES FROM AN EMPIRICAL STUDY. SIMULATED HABITAT REMOVAL AND ITS EFFECTS ON FOOD WEB ROBUSTNESS
@article{evans2013robustness,
  title={The robustness of a network of ecological networks to habitat loss},
  author={Evans, Darren M and Pocock, Michael JO and Memmott, Jane},
  journal={Ecology letters},
  volume={16},
  number={7},
  pages={844--852},
  year={2013},
  publisher={Wiley Online Library}
}

% Dicussion of what to focus on in conservation: Interactions. c.f. Janzen
@article{memmott2007conservation,
  title={The conservation of ecological interactions},
  author={Memmott, Jane and Gibson, Rachel and Carvalheiro, L and Henson, Kate and Heleno, R and Lopezaraiza, Martha and Pearce, S and Pearce, S},
  journal={Insect Conservation Biology. The Royal Entomological Society, London},
  pages={226--44},
  year={2007}
}

% Extinctions of interactions, EMpty forest??
@article{janzen1974,
    author = {Janzen, D. H.},
    citeulike-article-id = {7971170},
    journal = {Nat. Hist},
    keywords = {ecology},
    pages = {48--53},
    posted-at = {2010-10-10 00:00:31},
    priority = {2},
    title = {{The deflowering of central America}},
    volume = {83},
    year = {1974}
}
%THE EMPTY FOREST
@article{redford1992empty,
  title={The empty forest},
  author={Redford, Kent H},
  journal={BioScience},
  pages={412--422},
  year={1992},
  publisher={JSTOR}
}


% Example of controlled habitat destruction
@article{ewers2011large,
  title={A large-scale forest fragmentation experiment: the Stability of Altered Forest Ecosystems Project},
  author={Ewers, Robert M and Didham, Raphael K and Fahrig, Lenore and Ferraz, Gon{\c{c}}alo and Hector, Andy and Holt, Robert D and Kapos, Valerie and Reynolds, Glen and Sinun, Waidi and Snaddon, Jake L and others},
  journal={Philosophical Transactions of the Royal Society of London B: Biological Sciences},
  volume={366},
  number={1582},
  pages={3292--3302},
  year={2011},
  publisher={The Royal Society}
}

% Higher trophic levels more vulnerable to extinctions.
@article{duffy2003biodiversity,
  title={Biodiversity loss, trophic skew and ecosystem functioning},
  author={Duffy, J Emmett},
  journal={Ecology Letters},
  volume={6},
  number={8},
  pages={680--687},
  year={2003},
  publisher={Wiley Online Library}
}
% Higher trophic leveles especially vulnerable to habitat loss
@article{raffaelli2004extinction,
  title={How extinction patterns affect ecosystems},
  author={Raffaelli, David},
  journal={Science},
  volume={306},
  number={5699},
  pages={1141--1142},
  year={2004}
}

% focus on extinctions
@article{tilman1994habitat,
  title={Habitat destruction and the extinction debt},
  author={Tilman, David and May, Robert M and Lehman, Clarence L and Nowak, Martin A},
  year={1994},
  publisher={Nature Publishing Group}
}
% habitat loss threatens species....leading cause of extinctions..
@article{foley2005global,
  title={Global consequences of land use},
  author={Foley, Jonathan A and DeFries, Ruth and Asner, Gregory P and Barford, Carol and Bonan, Gordon and Carpenter, Stephen R and Chapin, F Stuart and Coe, Michael T and Daily, Gretchen C and Gibbs, Holly K and others},
  journal={science},
  volume={309},
  number={5734},
  pages={570--574},
  year={2005},
  publisher={American Association for the Advancement of Science}
}




%%%%%%%%%%%%%%%%%%%%%%%%%%%%%%%%%%%%%%%%%%%%%%%%%%%%%%%%%%%%%%
% Inroduction: multiple interactions types (and some stability)

% NEED TO CONSIDER MULTIPLE INTERACTION TYPES
@article{fontaine2011ecological,
  title={The ecological and evolutionary implications of merging different types of networks},
  author={Fontaine, Colin and Guimar{\~a}es, Paulo R and K{\'e}fi, Sonia and Loeuille, Nicolas and Memmott, Jane and Van Der Putten, Wim H and Van Veen, Frank JF and Th{\'e}bault, Elisa},
  journal={Ecology Letters},
  volume={14},
  number={11},
  pages={1170--1181},
  year={2011},
  publisher={Wiley Online Library}
}

% NEED TO CONSIDER MULTIPLE INTERACTION TYPES, BOTH TROPHIC & NON-TROPHIC
@article{kefi2012more,
  title={More than a mealâ€¦ integrating non-feeding interactions into food webs},
  author={K{\'e}fi, Sonia and Berlow, Eric L and Wieters, Evie A and Navarrete, Sergio A and Petchey, Owen L and Wood, Spencer A and Boit, Alice and Joppa, Lucas N and Lafferty, Kevin D and Williams, Richard J and others},
  journal={Ecology letters},
  volume={15},
  number={4},
  pages={291--300},
  year={2012},
  publisher={Wiley Online Library}
}

% EMPIRICAL STUDY, MULTIPLE INTERACTION TYPES TOGETHER.
@article{montoya2015functional,
  title={Functional group diversity increases with modularity in complex food webs},
  author={Montoya, D and Yallop, ML and Memmott, J},
  journal={Nature communications},
  volume={6},
  year={2015},
  publisher={Nature Publishing Group}
}

% ASSEMBLE MULTIPLE INTERACTION TYPES FROM AN EMPIRICAL STUDY. CONSIDERING MULTIPLE INTERACTION TYPES WITHIN THE SAME FRAMEWORK AFFECTS STABILITY (ROBUSTNESS)
@article{pocock2012robustness,
  title={The robustness and restoration of a network of ecological networks},
  author={Pocock, Michael JO and Evans, Darren M and Memmott, Jane},
  journal={Science},
  volume={335},
  number={6071},
  pages={973--977},
  year={2012},
  publisher={American Association for the Advancement of Science}
}

% MODELLING FRAMEWORK. CHANGING PROPORTIONS OF MUTUALISTIC TO ANTAGONISTIC INETRACTIONS. DISCUSSED IN LURGI ET AL. (IN PRESS)
@article{mougi2012diversity,
  title={Diversity of interaction types and ecological community stability},
  author={Mougi, A and Kondoh, M},
  journal={Science},
  volume={337},
  number={6092},
  pages={349--351},
  year={2012},
  publisher={American Association for the Advancement of Science}
}

% MODELLING FRAMEWORK WITH MULTIPLE INTERACTION TYPES. NESTEDNESS & MODULARITY DO NOT SEEM TO BE RELATED TO STABILITY.
@article{sauve2014structure,
  title={Structure--stability relationships in networks combining mutualistic and antagonistic interactions},
  author={Sauve, Alix and Fontaine, Colin and Th{\'e}bault, Elisa},
  journal={Oikos},
  volume={123},
  number={3},
  pages={378--384},
  year={2014},
  publisher={Wiley Online Library}
}

% SPATIAL MODEL, MULTIPLE INTERACTION TYPES, MULTIPLE STABILITY METRICS. NESTEDNESS & MODULARITY DO NOT SEEM TO BE RELATED TO STABILITY. STABILITY METRICS RESPOND DIFFERENTLY
@article{lurgi2015effects,
  title={The effects of space and diversity of interaction types on the stability of complex ecological networks},
  author={Lurgi, Miguel and Montoya, Daniel and Montoya, Jos{\'e} M},
  journal={Theoretical Ecology},
  pages={1--11},
  year={2015},
  publisher={Springer}
}

% REMOVAL EXPERIMENTS. LINK BETWEEN INTERACTION STRENGTH AND TEMPORAL AND SPATIAL STABILITY
@article{o2009perturbations,
  title={Perturbations to trophic interactions and the stability of complex food webs},
  author={O'Gorman, Eoin J and Emmerson, Mark C},
  journal={Proceedings of the National Academy of Sciences},
  volume={106},
  number={32},
  pages={13393--13398},
  year={2009},
  publisher={National Acad Sciences}
}


@article{may1972will,
  title={Will a large complex system be stable?},
  author={May, Robert M},
  journal={Nature},
  volume={238},
  pages={413--414},
  year={1972}
}

@article{gross2009generalized,
  title={Generalized models reveal stabilizing factors in food webs},
  author={Gross, Thilo and Rudolf, Lars and Levin, Simon A and Dieckmann, Ulf},
  journal={Science},
  volume={325},
  number={5941},
  pages={747--750},
  year={2009},
  publisher={American Association for the Advancement of Science}
}


@article{wang2014ecosystem,
  title={Ecosystem stability in space: $\alpha$, $\beta$ and $\gamma$ variability},
  author={Wang, Shaopeng and Loreau, Michel},
  journal={Ecology letters},
  volume={17},
  number={8},
  pages={891--901},
  year={2014},
  publisher={Wiley Online Library}
}



%%%%%%%%%%%%%%%%%%%%%%%%%%%%%%%%%%%%%%%%%%%%%%%%%%%%%%%%%%%%%%
%%%%%%%%%%%%%%%%%%%%%%%%%%%%%%%%%%%%%%%%%%%%%%%%%%%%%%%%%%%%%%
%% METHODOLOGY:

%%%%%%%%%%%%%%%%%%%%%%%%%%%%%%%%%%%%%%%%%%%%%%%%%%%%%%%%%%%%%%
% Niche model
@article{williams2000simple,
  title={Simple rules yield complex food webs},
  author={Williams, Richard J and Martinez, Neo D},
  journal={Nature},
  volume={404},
  number={6774},
  pages={180--183},
  year={2000},
  publisher={Nature Publishing Group}
}

@article{dunne2002food,
  title={Food-web structure and network theory: the role of connectance and size},
  author={Dunne, Jennifer A and Williams, Richard J and Martinez, Neo D},
  journal={Proceedings of the National Academy of Sciences},
  volume={99},
  number={20},
  pages={12917--12922},
  year={2002},
  publisher={National Acad Sciences}
}

@article{stouffer2005quantitative,
  title={Quantitative patterns in the structure of model and empirical food webs},
  author={Stouffer, DB and Camacho, J and Guimera, R and Ng, CA and Nunes Amaral, LA},
  journal={Ecology},
  volume={86},
  number={5},
  pages={1301--1311},
  year={2005},
  publisher={Eco Soc America}
}



%%%%%%%%%%%%%%%%%%%%%%%%%%%%%%%%%%%%%%%%%%%%%%%%%%%%%%%%%%%%%%%%%
%% Software:

@BOOK{python,
AUTHOR = {Anderson, E. and Bai, Z. and Bischof, C. and
Blackford, S. and Demmel, J. and Dongarra, J. and
Du Croz, J. and Greenbaum, A. and Hammarling, S. and
McKenney, A. and Sorensen, D.},
TITLE = {{LAPACK} Users' Guide},
EDITION = {Third},
PUBLISHER = {Society for Industrial and Applied Mathematics},
YEAR = {1999},
ADDRESS = {Philadelphia, PA},
ISBN = {0-89871-447-8 (paperback)} 
}

%%%%%%%%%%%%%%%%%%%%%%%%%%%%%%%%%%%%%%%%%%%%%%%%%%%%%%%%%%%%%%%%%
%% Chapter 4 specific (IMMIGRATION):

@article{loreau1999immigration,
  title={Immigration and the maintenance of local species diversity},
  author={Loreau, Michel and Mouquet, Nicolas},
  journal={The American Naturalist},
  volume={154},
  number={4},
  pages={427--440},
  year={1999},
  publisher={JSTOR}
}

@article{mac2007use,
  title={Use of the Abundance Spectrum and Relative-Abundance Distributions to Analyze Assemblage Change in Massively Altered Landscapes},
  author={Mac Nally, Ralph},
  journal={The American Naturalist},
  volume={170},
  number={3},
  pages={319--330},
  year={2007},
  publisher={JSTOR}
}

@article{mouquet2004immigration,
  title={Immigration and local competition in herbaceous plant communities: a three-year seed-sowing experiment},
  author={Mouquet, Nicolas and Leadley, Paul and M{\'e}riguet, Jacques and Loreau, Michel},
  journal={Oikos},
  volume={104},
  number={1},
  pages={77--90},
  year={2004},
  publisher={Wiley Online Library}
}

@article{foster2004propagule,
  title={Propagule pools mediate community assembly and diversity-ecosystem regulation along a grassland productivity gradient},
  author={Foster, Bryan L and Dickson, Timothy L and Murphy, Cheryl A and Karel, Irene S and Smith, Val H},
  journal={Journal of Ecology},
  volume={92},
  number={3},
  pages={435--449},
  year={2004},
  publisher={Wiley Online Library}
}

@article{cadotte2006dispersal,
  title={Dispersal and Species Diversity: A Meta-Analysis},
  author={Cadotte, Marc William},
  journal={The American Naturalist},
  volume={167},
  number={6},
  pages={913--924},
  year={2006},
  publisher={JSTOR}
}

@article{zartman2006habitat,
  title={Are habitat-tracking metacommunities dispersal limited? Inferences from abundance-occupancy patterns of epiphylls in Amazonian forest fragments},
  author={Zartman, Charles E and Nascimento, Henrique EM},
  journal={Biological Conservation},
  volume={127},
  number={1},
  pages={46--54},
  year={2006},
  publisher={Elsevier}
}

@article{condit2012thirty,
  title={Thirty years of forest census at Barro Colorado and the importance of immigration in maintaining diversity},
  author={Condit, Richard and Chisholm, Ryan A and Hubbell, Stephen P},
  year={2012}
}

@article{drury2015immigration,
  title={Immigration can destabilize tri-trophic interactions: implications for conservation of top predators},
  author={Drury, Kevin LS and Suter, Jesse D and Rendall, Jacob B and Kramer, Andrew M and Drake, John M},
  journal={Theoretical Ecology},
  pages={1--12},
  year={2015},
  publisher={Springer}
}

@article{puettker2011immigration,
  title={Immigration rates in fragmented landscapes-empirical evidence for the importance of habitat amount for species persistence},
  author={Puettker, Thomas and Bueno, Adriana A and dos Santos de Barros, Camila and Sommer, Simone and Pardini, Renata},
  journal={PLoS One},
  volume={6},
  number={11},
  pages={e27963},
  year={2011},
  publisher={Public Library of Science}
}

@article{korfanta2012long,
  title={Long-term demographic consequences of habitat fragmentation to a tropical understory bird community},
  author={Korfanta, Nicole M and Newmark, William D and Kauffman, Matthew J},
  journal={Ecology},
  volume={93},
  number={12},
  pages={2548--2559},
  year={2012},
  publisher={Eco Soc America}
}

@article{haddad2015habitat,
  title={Habitat fragmentation and its lasting impact on Earthâ€™s ecosystems},
  author={Haddad, Nick M and Brudvig, Lars A and Clobert, Jean and Davies, Kendi F and Gonzalez, Andrew and Holt, Robert D and Lovejoy, Thomas E and Sexton, Joseph O and Austin, Mike P and Collins, Cathy D and others},
  journal={Science Advances},
  volume={1},
  number={2},
  pages={e1500052},
  year={2015},
  publisher={American Association for the Advancement of Science}
}

@article{teyssedre2014contrasting,
  title={Contrasting effects of habitat reduction, conversion and alteration on neutral and non neutral biological communities},
  author={Teyss{\`e}dre, Anne and Robert, Alexandre},
  journal={Oikos},
  volume={123},
  number={7},
  pages={857--865},
  year={2014},
  publisher={Wiley Online Library}
}

@article{ai2012immigration,
  title={Immigration, local dispersal limitation, and the repeatability of community composition under neutral and niche dynamics},
  author={Ai, Dexiecuo and Desjardins-Proulx, Philippe and Chu, Chengjin and Wang, Gang},
  year={2012}
}

%% PROBABLY FOR CHAPTER 3:
@article{hanski2013species,
  title={Species--fragmented area relationship},
  author={Hanski, Ilkka and Zurita, Gustavo A and Bellocq, M Isabel and Rybicki, Joel},
  journal={Proceedings of the National Academy of Sciences},
  volume={110},
  number={31},
  pages={12715--12720},
  year={2013},
  publisher={National Acad Sciences}
}


@article{warren2015islands,
  title={Islands as model systems in ecology and evolution: prospects fifty years after MacArthur-Wilson},
  author={Warren, Ben H and Simberloff, Daniel and Ricklefs, Robert E and Aguil{\'e}e, Robin and Condamine, Fabien L and Gravel, Dominique and Morlon, H{\'e}l{\`e}ne and Mouquet, Nicolas and Rosindell, James and Casquet, Juliane and others},
  journal={Ecology letters},
  volume={18},
  number={2},
  pages={200--217},
  year={2015},
  publisher={Wiley Online Library}
}

@article{klausmeier2001habitat,
  title={Habitat destruction and extinction in competitive and mutualistic metacommunities},
  author={Klausmeier, CA},
  journal={Ecology Letters},
  volume={4},
  number={1},
  pages={57--63},
  year={2001},
  publisher={Wiley Online Library}
}

@article{freckleton2009measuring,
  title={Measuring the importance of competition in plant communities},
  author={Freckleton, Robert P and Watkinson, Andrew R and Rees, Mark},
  journal={Journal of ecology},
  volume={97},
  number={3},
  pages={379--384},
  year={2009},
  publisher={Wiley Online Library}
}
% orgy of mutual benefaction
@article{may1981patterns,
  title={Patterns in multi-species communities},
  author={May, Robert M},
  journal={Theoretical ecology: principles and applications},
  pages={197--227},
  year={1981},
  publisher={Blackwell Oxford}
}


%%%%%%%%%%%%%%%%%%%%%%%%%%%%%%%%%%%%%%%%%%%%%%%%%%%%%%%%%%%%%%%%%%%%%%%%%%%%%%%%%%%%%%%%%%%%%%%%%%%%%%%%%%%%%%%%%%%%%
%% Stationarity (Chapter 4b)

@article{nason2013test,
  title={A test for second-order stationarity and approximate confidence intervals for localized autocovariances for locally stationary time series},
  author={Nason, Guy},
  journal={Journal of the Royal Statistical Society: Series B (Statistical Methodology)},
  volume={75},
  number={5},
  pages={879--904},
  year={2013},
  publisher={Wiley Online Library}
}


@PhdThesis{saul09phd,
           title = "{The Analysis and modelling of chaotic calcium oscillations}",
          author = "Saul Hazledine",
          school = "Department for Computational Systems Biology, John Innes Centre",
           month = December,
            year = "2009",
}
@article{beninca2008chaos,
  title={Chaos in a long-term experiment with a plankton community},
  author={Beninc{\`a}, Elisa and Huisman, Jef and Heerkloss, Reinhard and J{\"o}hnk, Klaus D and Branco, Pedro and Van Nes, Egbert H and Scheffer, Marten and Ellner, Stephen P},
  journal={Nature},
  volume={451},
  number={7180},
  pages={822--825},
  year={2008},
  publisher={Nature Publishing Group}
}

@article{brock1967ecosystem,
  title={The ecosystem and the steady state},
  author={Brock, Thomas D},
  journal={Bioscience},
  volume={17},
  number={3},
  pages={166--169},
  year={1967},
  publisher={Oxford University Press}
}

@article{arnoldi2015,
  title={Resilience, reactivity and variability: A mathematical comparison of ecological stability measures},
  author={Arnoldi, Jean-Fran{\c{c}}ois and Loreau, Michel and Haegeman, Bart},
  journal={Journal of theoretical biology},
  volume={389},
  pages={47--59},
  year={2016},
  publisher={Elsevier}
}

@article{simberloff1974equilibrium,
  title={Equilibrium theory of island biogeography and ecology},
  author={Simberloff, Daniel S},
  journal={Annual review of Ecology and Systematics},
  pages={161--182},
  year={1974},
  publisher={JSTOR}
}

@article{grazzini2012analysis,
  title={Analysis of the emergent properties: stationarity and ergodicity},
  author={Grazzini, Jakob},
  journal={Journal of Artificial Societies and Social Simulation},
  volume={15},
  number={2},
  pages={7},
  year={2012}
}

@Manual{Rlanguage,
  title = {R: A Language and Environment for Statistical Computing},
  author = {{R Core Team}},
  organization = {R Foundation for Statistical Computing},
  address = {Vienna, Austria},
  year = {2013},
  url = {http://www.R-project.org/},
}

@article{kwiatkowski1992testing,
  title={Testing the null hypothesis of stationarity against the alternative of a unit root: How sure are we that economic time series have a unit root?},
  author={Kwiatkowski, Denis and Phillips, Peter CB and Schmidt, Peter and Shin, Yongcheol},
  journal={Journal of econometrics},
  volume={54},
  number={1},
  pages={159--178},
  year={1992},
  publisher={Elsevier}
}

@article{priestley1969test,
  title={A test for non-stationarity of time-series},
  author={Priestley, MB and Rao, T Subba},
  journal={Journal of the Royal Statistical Society. Series B (Methodological)},
  pages={140--149},
  year={1969},
  publisher={JSTOR}
}

@article{said1984testing,
  title={Testing for unit roots in autoregressive-moving average models of unknown order},
  author={Said, Said E and Dickey, David A},
  journal={Biometrika},
  volume={71},
  number={3},
  pages={599--607},
  year={1984},
  publisher={Biometrika Trust}
}

@article{cazelles2008wavelet,
  title={Wavelet analysis of ecological time series},
  author={Cazelles, Bernard and Chavez, Mario and Berteaux, Dominique and M{\'e}nard, Fr{\'e}d{\'e}ric and Vik, Jon Olav and Jenouvrier, St{\'e}phanie and Stenseth, Nils C},
  journal={Oecologia},
  volume={156},
  number={2},
  pages={287--304},
  year={2008},
  publisher={Springer}
}


%%%%%%%%%%%%%%%%%%%%%%%%%%%%%%%%%%%%%%%%%%%%%%%%%%%%%%%%%%%%%%%%%%%%%%%%%%%%%%%%%%%%%%%%%%%%%%%%%%%%%%%%%%%%%%%%%%%%%